<?xml version="1.0" encoding="UTF-8"?><collection xmlns="http://www.loc.gov/MARC21/slim"><record><leader>00467nam--2200181-i-4500</leader><controlfield tag="001">000034385</controlfield><controlfield tag="002">20161230</controlfield><controlfield tag="005">20161230201040</controlfield><controlfield tag="008">060222s1000------------r-----000-0-eng-d</controlfield><datafield ind1=" " ind2=" " tag="020"><subfield code="a">0471636975</subfield></datafield><datafield ind1=" " ind2=" " tag="040"><subfield code="a">IFIN-HH</subfield></datafield><datafield ind1=" " ind2=" " tag="080"><subfield code="a">539.1.07:621.38</subfield></datafield><datafield ind1="1" ind2=" " tag="100"><subfield code="a">Nicholson, P.W</subfield></datafield><datafield ind1="1" ind2="0" tag="245"><subfield code="a">Nuclear electronics</subfield><subfield code="c">P.w. nicholson</subfield></datafield><datafield ind1=" " ind2=" " tag="260"><subfield code="a">London</subfield><subfield code="b">John Wiley &amp; Sons</subfield><subfield code="c">1974</subfield></datafield><datafield ind1=" " ind2=" " tag="300"><subfield code="a">XIV+388P</subfield></datafield><datafield ind1=" " ind2=" " tag="852"><subfield code="a">41908</subfield><subfield code="c">539.1.07:539.1.08</subfield></datafield><datafield ind1=" " ind2=" " tag="CAT"><subfield code="a">Sys</subfield><subfield code="c">20111026</subfield><subfield code="h">122255</subfield></datafield></record></collection>